@article{ct:26:2002,
    title = {Virtueller {L}adendiebstahl},
    journal = {CT-Magazin},
    number = {26},
    pages = {92},
    year = {2002},
    publisher = {Heise Verlag}
}

@book{wahrig,
    title = {Wörterbuch der deutschen Sprache},
    publisher = {dtv},
    editor = {Renate Wahrig-Burfeind, Gerhard Wahrig},
    year = {2012},
    isbn = {978-3-423-34743-3}
}

@book{buchmann,
    title = {Einführung in die Kryptographie},
    author = {Johannes Buchmann},
    publisher = {Springer},
    year = {2010},
    isbn = {3-642-11185-8}
}

